<record><leader>00000cas a2200000 a 4500</leader><controlfield tag="001">32697468</controlfield><controlfield tag="007">hd bfu---baat</controlfield><controlfield tag="007">hd afu---bact</controlfield><controlfield tag="008">950623d18791947nbuwr nea     0    0eng c</controlfield><datafield ind1=" " ind2=" " tag="010"><subfield code="a">sn 95069952 </subfield></datafield><datafield ind1=" " ind2=" " tag="040"><subfield code="a">NVG</subfield><subfield code="b">eng</subfield><subfield code="c">NVG</subfield><subfield code="d">OCLCQ</subfield><subfield code="d">OCLCF</subfield><subfield code="d">OCLCO</subfield></datafield><datafield ind1="1" ind2=" " tag="029"><subfield code="a">AU@</subfield><subfield code="b">000011782984</subfield></datafield><datafield ind1=" " ind2=" " tag="042"><subfield code="a">pcc</subfield></datafield><datafield ind1=" " ind2=" " tag="043"><subfield code="a">n-us-nb</subfield></datafield><datafield ind1="0" ind2=" " tag="130"><subfield code="a">Blue Valley blade (Seward, Neb.)</subfield></datafield><datafield ind1="1" ind2="0" tag="245"><subfield code="a">Blue Valley blade</subfield><subfield code="h">[microform].</subfield></datafield><datafield ind1="1" ind2=" " tag="246"><subfield code="i">Publisher's box title:</subfield><subfield code="a">Seward blade</subfield><subfield code="f">Dec. 17, 1902-Nov. 29, 1911</subfield></datafield><datafield ind1="1" ind2=" " tag="246"><subfield code="i">Publisher's box title:</subfield><subfield code="a">Seward Blue Valley blade</subfield><subfield code="f">Apr. 25, 1929-Dec. 3, 1931</subfield></datafield><datafield ind1=" " ind2=" " tag="260"><subfield code="a">Seward, Neb. :</subfield><subfield code="b">McCualley &amp; Betzer,</subfield><subfield code="c">1879-1947.</subfield></datafield><datafield ind1=" " ind2=" " tag="300"><subfield code="a">70 v.</subfield></datafield><datafield ind1=" " ind2=" " tag="310"><subfield code="a">Weekly</subfield></datafield><datafield ind1="0" ind2=" " tag="362"><subfield code="a">Vol. 2, no. 25 (July 24, 1879)-v. 71, no. 14 (Apr. 3, 1947).</subfield></datafield><datafield ind1=" " ind2=" " tag="533"><subfield code="a">Microfilm.</subfield><subfield code="m">1879-1947:[Gaps]</subfield><subfield code="b">Lincoln, Neb. :</subfield><subfield code="c">Nebraska State Historical Society,</subfield><subfield code="d">[1974].</subfield><subfield code="e">26 microfilm reels ; 35 mm.</subfield></datafield><datafield ind1=" " ind2="0" tag="651"><subfield code="a">Seward (Neb.)</subfield><subfield code="v">Newspapers.</subfield></datafield><datafield ind1=" " ind2="0" tag="651"><subfield code="a">Seward County (Neb.)</subfield><subfield code="v">Newspapers.</subfield></datafield><datafield ind1=" " ind2="7" tag="655"><subfield code="a">Newspapers.</subfield><subfield code="2">fast</subfield><subfield code="0">(OCoLC)fst01423814</subfield></datafield><datafield ind1=" " ind2="7" tag="651"><subfield code="a">Nebraska</subfield><subfield code="z">Seward.</subfield><subfield code="2">fast</subfield><subfield code="0">(OCoLC)fst01220407</subfield></datafield><datafield ind1=" " ind2="7" tag="651"><subfield code="a">Nebraska</subfield><subfield code="z">Seward County.</subfield><subfield code="2">fast</subfield><subfield code="0">(OCoLC)fst01211906</subfield></datafield><datafield ind1=" " ind2=" " tag="752"><subfield code="a">United States</subfield><subfield code="b">Nebraska</subfield><subfield code="c">Seward</subfield><subfield code="d">Seward.</subfield></datafield><datafield ind1="0" ind2="0" tag="780"><subfield code="t">Seward advocate</subfield><subfield code="w">(DLC)sn 95069951</subfield></datafield><datafield ind1="0" ind2="6" tag="780"><subfield code="t">Seward journal</subfield><subfield code="w">(DLC)sn 95069949</subfield></datafield><datafield ind1="0" ind2="0" tag="785"><subfield code="t">Seward Blue Valley blade</subfield><subfield code="w">(DLC)sn 95069950</subfield></datafield></record>